[
@misc{wikipedia_2020:Distributed_Version_Control, 
    title={Distributed version control},
    howpublished = "\url{https://en.wikipedia.org/wiki/Distributed_version_control}",
    url={https://en.wikipedia.org/wiki/Distributed_version_control},
    journal={Wikipedia},
    publisher={Wikimedia Foundation},
    year={2020},
    month={marzo},
    note={Accedido: 23/3/2020}
},
@misc{juancarlosfernandez_2010,
    title={Primeras Impresiones: DVCS Mercurial},
    howpublished="\url{www.juancarlosfernandez.net/2010/10/evaluando-el-dvcs-de-mercurial.html}",
    url={www.juancarlosfernandez.net/2010/10/evaluando-el-dvcs-de-mercurial.html},
    journal={juancarlosfernandez.net},
    year={2010},
    month={octubre},
    note={Accedido: 23/3/2020}
},
@misc{wikipedia_2019:Mercurial, 
    title={Mercurial}, 
    howpublished="\url{https://es.wikipedia.org/wiki/Mercurial}",
    url={https://es.wikipedia.org/wiki/Mercurial},
    journal={Wikipedia},
    publisher={Wikimedia Foundation},
    year={2019},
    month={septiembre},
    note={Accedido: 23/3/2020}
},
@misc{intland_2015:Pros_Cons_Mercurial_Git,
    title={Pros and Cons: Is Git Better Than Mercurial?},
    howpublished="\url{https://content.intland.com/blog/sdlc/why-is-git-better-than-mercurial}",
    url={https://content.intland.com/blog/sdlc/why-is-git-better-than-mercurial},
    journal={Intland Software Website},
    publisher={Intland Software},
    author={Intland Software, Eva Johnson},
    year={2015},
    month={Enero},
    note={Accedido: 23/3/2020}
},
@misc{statcounter:os_share_worldwide,
    title={Desktop Operating System Market Share Worldwide},
    url={https://gs.statcounter.com/os-market-share/desktop/worldwide/},
    howpublished={\url{https://gs.statcounter.com/os-market-share/desktop/worldwide/}},
    journal={StatCounter Global Stats},
    note={Accedido: 8/5/2020}
}
@misc{statcounter:os_share_spain,
    title={Desktop Operating System Market Share Worldwide},
    url={https://gs.statcounter.com/os-market-share/desktop/spain/#monthly-201904-202004},
    howpublished={\url{https://gs.statcounter.com/os-market-share/desktop/spain/#monthly-201904-202004}},
    journal={StatCounter Global Stats},
    note={Accedido: 8/5/2020}
}]